@article{Beaulieu-Jones2017,
author = {Beaulieu-Jones, Brett K. and Greene, Casey S.},
year = {2017},
title = {{Reproducibility of computational workflows is automated using continuous analysis.}},
journal = {Nature biotechnology},
volume = {35},
number = {4},
pages = {342--346},
doi = {10.1038/nbt.3780}
}
@article{Becker2017,
author = {Becker, Gabriel and Barr, Cory and Gentleman, Robert and Lawrence, Michael},
year = {2017},
title = {{Enhancing Reproducibility and Collaboration via Management of R Package Cohorts}},
journal = {Journal of Statistical Software},
volume = {82},
number = {1},
pages = {http://arxiv.org/abs/1501.02284v2},
doi = {10.18637/jss.v082.i01}
}
@article{Biecek2017,
author = {Biecek, Przemysaw and Kosinski, Marcin},
year = {2017},
title = {{archivist : An R Package for Managing, Recording and Restoring Data Analysis Results}},
journal = {Journal of Statistical Software},
volume = {82},
number = {11},
pages = {1--28},
doi = {10.18637/jss.v082.i11}
}
@article{Boettiger2015,
author = {Boettiger, Carl},
year = {2015},
title = {{An introduction to Docker for reproducible research}},
journal = {ACM SIGOPS Operating Systems Review},
volume = {49},
number = {1},
pages = {71--79},
doi = {10.1145/2723872.2723882}
}
@article{Brinckman2018,
author = {Brinckman, Adam and Chard, Kyle and Gaffney, Niall and Hategan, Mihael and Jones, Matthew B. and Kowalik, Kacper and Kulasekaran, Sivakumar and Lud{\"{a}}scher, Bertram and Mecum, Bryce D. and Nabrzyski, Jarek and Stodden, Victoria and Taylor, Ian J. and Turk, Matthew J. and Turner, Kandace},
year = {2019},
title = {{Computing environments for reproducibility: Capturing the “Whole Tale”}},
journal = {Future Generation Computer Systems},
volume = {94},
pages = {854--867},
doi = {10.1016/j.future.2017.12.029}
}
@article{Buckheit1995,
author = {Buckheit, Jb and Donoho, Dl},
year = {1995},
title = {{WaveLab and Reproducible Research}},
journal = {Wavelets and Statistics},
volume = {103},
pages = {55--81}
}
@book{Chacon2014,
author = {Chacon, Scott and Straub, Ben},
publisher = {Apress},
title = {Pro git},
year = {2014}
}
@article{Christensen2018,
author = {Christensen, Erica M and Bledsoe, Ellen K and Supp, Sarah R and Diaz, Renata M and White, Ethan P and Ernest, S K Morgan},
year = {2018},
title = {{Developing a modern data workflow for living data}},
pages = {1--20}
}
@article{Collado-Torres2017,
author = {Collado-Torres, Leonardo and Nellore, Abhinav and Kammers, Kai and Ellis, Shannon E and Taub, Margaret A and Hansen, Kasper D and Jaffe, Andrew E and Langmead, Ben and Leek, Jeffrey T},
year = {2017},
title = {{Reproducible RNA-seq analysis using recount2.}},
journal = {Nature biotechnology},
volume = {35},
number = {4},
pages = {319--321},
doi = {10.1038/nbt.3838}
}
@article{Donoho2008,
author = {Donoho, David and Maleki, Arian and Rahman, Inam and Shahram, Morteza and Stodden, Victoria},
year = {2008},
title = {{15 Years of Reproducible Research in Computational Harmonic Analysis}},
journal = {Computing in Science {\&} Engineering},
volume = {11},
number = {1},
pages = {8--18},
doi = {10.1109/MCSE.2009.15}
}
@article{Donoho2010,
author = {Donoho, David L.},
year = {2010},
title = {{An invitation to reproducible computational research.}},
journal = {Biostatistics (Oxford, England)},
volume = {11},
number = {3},
pages = {385--8},
doi = {10.1093/biostatistics/kxq028}
}
@article{Easterbrook2014,
author = {Easterbrook, Steve M.},
year = {2014},
title = {{Open code for open science?}},
journal = {Nature Geoscience},
volume = {7},
number = {11},
pages = {779--781},
doi = {10.1038/ngeo2283}
}
@article{Findler2002,
author = {Findler, Robert Bruce and Clements, John and Flanagan, Cormac and Flatt, Matthew and Krishnamurthi, Shriram and Steckler, Paul and Felleisen, Matthias},
year = {2002},
title = {DrScheme: A programming environment for Scheme},
journal = {Journal of functional programming},
volume = {12},
number = {2},
pages = {159--182}
}
@article{Garijo2013,
author = {Garijo, Daniel and Kinnings, Sarah and Xie, Li and Xie, Lei and Zhang, Yinliang and Bourne, Philip E. and Gil, Yolanda},
year = {2013},
title = {{Quantifying reproducibility in computational biology: the case of the tuberculosis drugome.}},
journal = {PloS one},
volume = {8},
number = {11},
pages = {e80278},
doi = {10.1371/journal.pone.0080278}
}
@article{Gelfond2018,
author = {Gelfond, Jonathan and Goros, Martin and Hernandez, Brian and Bokov, Alex},
year = {2018},
title = {{A System for an Accountable Data Analysis Process in R}},
journal = {The R Journal},
volume = {10},
number = {July},
pages = {6--21}
}
@article{Gentleman2005,
author = {Gentleman, Robert},
year = {2005},
title = {{Reproducible Research: A Bioinformatics Case Study}},
journal = {Statistical Applications in Genetics and Molecular Biology},
volume = {4},
number = {1},
pages = {Article2},
doi = {10.2202/1544-6115.1034}
}
@article{Ghosh2017,
author = {Ghosh, Satrajit S. and Poline, Jean-Baptiste and Keator, David B. and Halchenko, Yaroslav O. and Thomas, Adam G. and Kessler, Daniel A. and Kennedy, David N.},
year = {2017},
title = {{A very simple, re-executable neuroimaging publication.}},
journal = {F1000Research},
volume = {6},
pages = {124},
doi = {10.12688/f1000research.10783.2}
}
@article{Gorgolewski2016,
author = {Gorgolewski, Krzysztof J. and Poldrack, Russell A.},
year = {2016},
title = {{A Practical Guide for Improving Transparency and Reproducibility in Neuroimaging Research.}},
journal = {PLoS biology},
volume = {14},
number = {7},
pages = {e1002506},
doi = {10.1371/journal.pbio.1002506}
}
@article{Gruning2017,
author = {Gr{\"{u}}ning, Bj{\"{o}}rn and Chilton, John and K{\"{o}}ster, Johannes and Dale, Ryan and Goecks, Jeremy and Backofen, Rolf and Nekrutenko, Anton and Taylor, James},
year = {2017},
title = {{Practical computational reproducibility in the life sciences}},
journal = {bioRxiv},
pages = {200683},
doi = {10.1101/200683}
}
@article{Gruning2017a,
author = {Gr{\"{u}}ning, Bj{\"{o}}rn A and Rasche, Eric and Rebolledo-Jaramillo, Boris and Eberhard, Carl and Houwaart, Torsten and Chilton, John and Coraor, Nate and Backofen, Rolf and Taylor, James and Nekrutenko, Anton},
year = {2017},
title = {{Jupyter and Galaxy: Easing entry barriers into complex data analyses for biomedical researchers.}},
journal = {PLoS computational biology},
volume = {13},
number = {5},
pages = {e1005425},
doi = {10.1371/journal.pcbi.1005425}
}
@article{Ince2012,
author = {Ince, Darrel C. and Hatton, Leslie and Graham-Cumming, John},
year = {2012},
title = {{The case for open computer programs}},
journal = {Nature},
volume = {482},
number = {7386},
pages = {485--488},
doi = {10.1038/nature10836}
}
@article{Ioannidis2009,
author = {Ioannidis, John P A and Allison, David B and Ball, Catherine A and Coulibaly, Issa and Cui, Xiangqin and Culhane, Aed{\'{i}}n C and Falchi, Mario and Furlanello, Cesare and Game, Laurence and Jurman, Giuseppe and Mangion, Jon and Mehta, Tapan and Nitzberg, Michael and Page, Grier P and Petretto, Enrico and van Noort, Vera},
year = {2009},
title = {{Repeatability of published microarray gene expression analyses.}},
journal = {Nature genetics},
volume = {41},
number = {2},
pages = {149--55},
doi = {10.1038/ng.295}
}
@article{Ioannidis2014,
author = {Ioannidis, John P A and Greenland, Sander and Hlatky, Mark A and Khoury, Muin J and Macleod, Malcolm R and Moher, David and Schulz, Kenneth F and Tibshirani, Robert},
year = {2014},
title = {{Increasing value and reducing waste in research design, conduct, and analysis.}},
journal = {Lancet (London, England)},
volume = {383},
number = {9912},
pages = {166--75},
doi = {10.1016/S0140-6736(13)62227-8}
}
@article{Jimenez2017,
author = {Jim{\'{e}}nez, Rafael C. and Kuzak, Mateusz and Alhamdoosh, Monther and Barker, Michelle and Batut, B{\'{e}}r{\'{e}}nice and Borg, Mikael and Capella-Gutierrez, Salvador and {Chue Hong}, Neil and Cook, Martin and Corpas, Manuel and Flannery, Madison and Garcia, Leyla and Gelp{\'{i}}, Josep Ll. and Gladman, Simon and Goble, Carole and {Gonz{\'{a}}lez Ferreiro}, Montserrat and Gonzalez-Beltran, Alejandra and Griffin, Philippa C. and Gr{\"{u}}ning, Bj{\"{o}}rn and Hagberg, Jonas and Holub, Petr and Hooft, Rob and Ison, Jon and Katz, Daniel S. and Lesko{\v{s}}ek, Brane and {L{\'{o}}pez G{\'{o}}mez}, Federico and Oliveira, Luis J. and Mellor, David and Mosbergen, Rowland and Mulder, Nicola and Perez-Riverol, Yasset and Pergl, Robert and Pichler, Horst and Pope, Bernard and Sanz, Ferran and Schneider, Maria V. and Stodden, Victoria and Suchecki, Rados{\l}aw and {Svobodov{\'{a}} Vařekov{\'{a}}}, Radka and Talvik, Harry-Anton and Todorov, Ilian and Treloar, Andrew and Tyagi, Sonika and van Gompel, Maarten and Vaughan, Daniel and Via, Allegra and Wang, Xiaochuan and Watson-Haigh, Nathan S. and Crouch, Steve},
year = {2017},
title = {{Four simple recommendations to encourage best practices in research software}},
journal = {F1000Research},
volume = {6},
pages = {876},
doi = {10.12688/f1000research.11407.1}
}
@article{Kluyver2016,
author = {Kluyver, Thomas and Ragan-kelley, Benjamin and P{\'{e}}rez, Fernando and Granger, Brian and Bussonnier, Matthias and Frederic, Jonathan and Kelley, Kyle and Hamrick, Jessica and Grout, Jason and Corlay, Sylvain and Ivanov, Paul and Avila, Dami{\'{a}}n and Abdalla, Safia and Willing, Carol},
year = {2016},
title = {{Jupyter Notebooks—a publishing format for reproducible computational workflows}},
journal = {Positioning and Power in Academic Publishing: Players, Agents and Agendas},
pages = {87--90},
doi = {10.3233/978-1-61499-649-1-87}
}
@article{Kurtzer2017,
author = {Kurtzer, Gregory M. and Sochat, Vanessa and Bauer, Michael W.},
year = {2017},
title = {{Singularity: Scientific containers for mobility of compute.}},
journal = {PloS one},
volume = {12},
number = {5},
pages = {e0177459},
doi = {10.1371/journal.pone.0177459}
}
@book{Loeliger2012,
author = {Loeliger, Jon and McCullough, Matthew},
publisher = {" O'Reilly Media, Inc."},
title = {Version Control with Git: Powerful tools and techniques for collaborative software development},
year = {2012}
}
@article{Lowndes2017,
author = {Lowndes, Julia S. Stewart and Best, Benjamin D. and Scarborough, Courtney and Afflerbach, Jamie C. and Frazier, Melanie R. and O'Hara, Casey C and Jiang, Ning and Halpern, Benjamin S.},
year = {2017},
title = {{Our path to better science in less time using open data science tools.}},
journal = {Nature ecology {\&} evolution},
volume = {1},
number = {6},
pages = {160},
doi = {10.1038/s41559-017-0160}
}
@article{Markowetz2015,
author = {Markowetz, Florian},
year = {2015},
title = {{Five selfish reasons to work reproducibly}},
journal = {Genome Biology},
volume = {16},
number = {1},
pages = {1--4},
doi = {10.1186/s13059-015-0850-7}
}
@article{Marwick2018,
author = {Marwick, Ben and Boettiger, Carl and Mullen, Lincoln},
year = {2018},
title = {{Packaging Data Analytical Work Reproducibly Using R (and Friends)}},
journal = {American Statistician},
volume = {72},
number = {1},
pages = {80--88},
doi = {10.1080/00031305.2017.1375986}
}
@article{Morin2012,
author = {Morin, A. and Urban, J. and Adams, P. D. and Foster, I. and Sali, A. and Baker, D. and Sliz, P.},
year = {2012},
title = {{Shining Light into Black Boxes}},
journal = {Science},
volume = {336},
number = {6078},
pages = {159--160},
doi = {10.1126/science.1218263}
}
@article{Napolitano2017,
author = {Napolitano, Francesco},
year = {2017},
title = {{repo: an R package for data-centered management of bioinformatic pipelines.}},
journal = {BMC bioinformatics},
volume = {18},
number = {1},
pages = {112},
doi = {10.1186/s12859-017-1510-6}
}
@article{Noble2009,
author = {Noble, William Stafford},
year = {2009},
title = {{A quick guide to organizing computational biology projects.}},
journal = {PLoS computational biology},
volume = {5},
number = {7},
pages = {e1000424},
doi = {10.1371/journal.pcbi.1000424}
}
@article{Peng2011,
author = {Peng, Roger D.},
year = {2011},
title = {{Reproducible research in computational science.}},
journal = {Science (New York, N.Y.)},
volume = {334},
number = {6060},
pages = {1226--7},
doi = {10.1126/science.1213847}
}
@article{Perkel2018,
author = {Perkel, Jeffrey M.},
year = {2018},
title = {{A toolkit for data transparency takes shape}},
journal = {Nature},
volume = {560},
number = {7719},
pages = {513--515},
doi = {10.1038/d41586-018-05990-5}
}
@manual{R2019,
address = {Vienna, Austria},
author = {{{{{{{{{{{{{{{{{{{{{{{{{{{{{{{{{{{{{{{{{{{{{{{{{R Core Team}}}}}}}}}}}}}}}}}}}}}}}}}}}}}}}}}}}}}}}}}}}}}}}}},
organization = {R Foundation for Statistical Computing},
title = {R: A Language and Environment for Statistical Computing},
url = {https://www.R-project.org/},
year = {2019}
}
@manual{RStudio2018,
address = {Boston, MA},
author = {{{{{{{{{{{{{{{{{{{{{{{{{{{{{{{{{{{{{{{{{{{{{RStudio Team}}}}}}}}}}}}}}}}}}}}}}}}}}}}}}}}}}}}}}}}}}}}},
organization = {RStudio, Inc.},
title = {RStudio: Integrated Development Environment for R},
url = {http://www.rstudio.com/},
year = {2018}
}
@article{Rodriguez-Sanchez2016,
author = {Rodr{\'{i}}guez-Sanchez, Francisco and P{\'{e}}rez-Luque, Antonio Jes{\'{u}}s and Bartomeus, Ignasi and Varela, Sara},
year = {2016},
title = {{Ciencia reproducible: ¿qu{\'{e}}, por qu{\'{e}}, c{\'{o}}mo?}},
journal = {Ecosistemas},
volume = {25},
number = {2},
pages = {83--92},
doi = {10.7818/ECOS.2016.25-2.11}
}
@article{Sandve2013,
author = {Sandve, Geir Kjetil and Nekrutenko, Anton and Taylor, James and Hovig, Eivind},
year = {2013},
title = {{Ten simple rules for reproducible computational research.}},
journal = {PLoS computational biology},
volume = {9},
number = {10},
pages = {e1003285},
doi = {10.1371/journal.pcbi.1003285}
}
@article{Stodden2015,
author = {Stodden, Victoria},
year = {2015},
title = {{Reproducing Statistical Results}},
journal = {Annual Review of Statistics and Its Application},
volume = {2},
number = {1},
pages = {1--19},
doi = {10.1146/annurev-statistics-010814-020127}
}
@article{Stodden2016,
author = {Stodden, Victoria and McNutt, Marcia and Bailey, David H and Deelman, Ewa and Gil, Yolanda and Hanson, Brooks and Heroux, Michael A and Ioannidis, John P A and Taufer, Michela},
year = {2016},
title = {{Enhancing reproducibility for computational methods.}},
journal = {Science (New York, N.Y.)},
volume = {354},
number = {6317},
pages = {1240--1241},
doi = {10.1126/science.aah6168}
}
@article{Stodden2018,
author = {Stodden, Victoria and Seiler, Jennifer and Ma, Zhaokun},
year = {2018},
title = {{An empirical analysis of journal policy effectiveness for computational reproducibility.}},
journal = {Proceedings of the National Academy of Sciences of the United States of America},
volume = {115},
number = {11},
pages = {2584--2589},
doi = {10.1073/pnas.1708290115}
}
@article{Wilson2014a,
author = {Wilson, Greg and Aruliah, D. a. and Brown, C. Titus and {Chue Hong}, Neil P. and Davis, Matt and Guy, Richard T. and Haddock, Steven H. D. and Huff, Kathryn D. and Mitchell, Ian M. and Plumbley, Mark D. and Waugh, Ben and White, Ethan P. and Wilson, Paul},
year = {2014},
title = {{Best practices for scientific computing.}},
journal = {PLoS biology},
volume = {12},
number = {1},
pages = {e1001745},
doi = {10.1371/journal.pbio.1001745}
}
@article{Wilson2017,
author = {Wilson, Greg and Bryan, Jennifer and Cranston, Karen and Kitzes, Justin and Nederbragt, Lex and Teal, Tracy K.},
year = {2017},
title = {{Good enough practices in scientific computing.}},
journal = {PLoS computational biology},
volume = {13},
number = {6},
pages = {e1005510},
doi = {10.1371/journal.pcbi.1005510}
}
@book{Xie2015,
author = {Xie, Yihui},
publisher = {Chapman and Hall/CRC},
title = {Dynamic Documents with R and knitr},
year = {2015}
}
@article{wilson2014b,
author = {Wilson, Greg},
year = {2014},
title = {Software Carpentry: lessons learned},
journal = {F1000Research},
volume = {3}
}
